@misc{spp,
Title={Intel EPT-Based Sub-page Write Protection Support.},
howpublished={\url{https://lwn.net/Articles/736322/}},
month=Oct,
year=2017
}

@ARTICLE{slimguard,
	author = {Beichen Liu et al.},
	title = {SlimGuard: A Secure and Memory-Efficient Heap Allocator},
	journal = {Middleware},
	year = {2019}
}

@misc{top25,
  author       = {},
  howpublished = {https://www.sans.org/top25-software-errors},
  title        = {CWE/SANS TOP 25 Most Dangerous Software Errors},
  year         = {2022}
}

@inproceedings {guarder,
author = {Sam Silvestro and Hongyu Liu and Tianyi Liu and Zhiqiang Lin and Tongping Liu},
title = {Guarder: A Tunable Secure Allocator},
booktitle = {27th USENIX Security Symposium (USENIX Security 18)},
year = {2018},
isbn = {978-1-939133-04-5},
address = {Baltimore, MD},
pages = {117--133},
url = {https://www.usenix.org/conference/usenixsecurity18/presentation/silvestro},
publisher = {USENIX Association},
month = aug,
}
