@book{paper_pml,
    title     = "Page Modification 
Logging for Virtual Machine Monitor White Paper",
    year      = "2015"
}

@ARTICLE{dowser,
	author = {Istvan Haller and al.},
	title = {Dowser: A Guided Fuzzer for Finding Buffer Overflow Vulnerabilities},
	journal = {Usenix Security},
	year = {2013}
}