
@misc{top25,
  author       = {},
  howpublished = {https://www.sans.org/top25-software-errors},
  title        = {CWE/SANS TOP 25 Most Dangerous Software Errors},
  year         = {2022}
}

@ARTICLE{dowser,
	author = {Istvan Haller and al.},
	title = {Dowser: A Guided Fuzzer for Finding Buffer Overflow Vulnerabilities},
	journal = {Usenix Security},
	year = {2013}
}